<?xml version="1.0" encoding="UTF-8"?><collection xmlns="http://www.loc.gov/MARC21/slim"><record><leader>00363nam--2200133-i-4500</leader><controlfield tag="001">000039028</controlfield><controlfield tag="002">20161230</controlfield><controlfield tag="005">20161230201042</controlfield><controlfield tag="008">060222s1000------------r-----000-0-eng-d</controlfield><datafield ind1=" " ind2=" " tag="080"><subfield code="a">546.881</subfield></datafield><datafield ind1=" " ind2=" " tag="100"><subfield code="a">Reynes, Jean</subfield></datafield><datafield ind1=" " ind2=" " tag="245"><subfield code="a">Composes fluores du vanadium pentavalent vf5 et vof3</subfield></datafield><datafield ind1=" " ind2=" " tag="260"><subfield code="a">Saclay, Commissariat A L`Energie Atomique, 1968, 18p</subfield></datafield><datafield ind1=" " ind2=" " tag="852"><subfield code="a">D.1021</subfield></datafield></record></collection>